@conference{almeida2010bigorna,
  title={{Bigorna--a toolkit for orthography migration challenges}},
  author={Almeida, J.J. and Santos, A. and Simoes, A.},
  booktitle={Seventh International Conference on Language Resources and Evaluation (LREC2010), Valletta, Malta},
  year={2010}
}
@conference{rochaagile,
  title={{AGile, a structured editor, analyzer, metric evaluator, and transformer for Attribute Grammars}},
  author={Rocha, A. and Santos, A. and Rocha, D. and Silva, H. and Mendes, J. and Freitas, J. and Coelho, M. and Regedor, M. and da Cruz, D. and Henriques, P.R.},
  year={2010},
  booktitle={INForum 2010, Braga, Portugal},

}
